@STRING{AIAA = {AIAA Journal}}

@STRING{AR = {Ann. Rev. Fluid Mech.}}

@STRING{CF = {Computers $\&$ Fluids}}

@STRING{CPAM = {Communications of Pure and Applied Mathematics}}

@STRING{CRAS = {C. R. Acad. Sci. Paris}}

@STRING{CST = {Combust. Sci. Technol.}}

@STRING{CUP = {Cambridge University Press}}

@STRING{EJMB = {European Journal of Mechanics, B/Fluids}}

@STRING{IJNMF = {Int. J. Numer. Methods Fluids}}

@STRING{JCP = {J. Comput. Physics}}

@STRING{JFM = {J. Fluid Mech.}}

@STRING{JWS = {John Wiley \& Sons}}

@STRING{MC = {Mathematics of Computation}}

@STRING{PF = {Phys. Fluids}}

@STRING{SIAMJNA = {SIAM Journal of Numerical Analysis}}

@article{le1999note,
  title={A note on possible flow instabilities in melting from the side},
  author={P. {Le Qu{\'e}r{\'e}} and D. Gobin},
  journal={International journal of thermal sciences},
  volume={38},
  number={7},
  pages={595--600},
  year={1999},
  publisher={Elsevier}
}

@article{le1985computation,
  title={Computation of natural convection in two-dimensional cavities with Chebyshev polynomials},
  author={P. {Le Qu{\'e}r{\'e}} and T. A. {De Roquefortt}},
  journal={Journal of Computational Physics},
  volume={57},
  number={2},
  pages={210--228},
  year={1985},
  publisher={Elsevier}
}

@article{le1998onset,
  title={From onset of unsteadiness to chaos in a differentially heated square cavity},
  author={P. {Le Qu{\'e}r{\'e}} and M. Behnia},
  journal={Journal of fluid mechanics},
  volume={359},
  pages={81--107},
  year={1998},
  publisher={Cambridge University Press}
}

@techreport{dobrzynski:hal-00681813,
  TITLE = {{MMG3D: User Guide}},
  AUTHOR = {C. Dobrzynski},
  URL = {https://hal.inria.fr/hal-00681813},
  TYPE = {Technical Report},
  NUMBER = {RT-0422},
  INSTITUTION = {{INRIA}},
  YEAR = {2012},
  MONTH = Mar,
  KEYWORDS = {tetrahedral mesh ; mesh adaptation ; anisotropic mesh ; moving mesh},
  PDF = {https://hal.inria.fr/hal-00681813/file/RT-422.pdf},
  HAL_ID = {hal-00681813},
  HAL_VERSION = {v1},
}

@article{dapogny:hal-00804636,
  TITLE = {Three-dimensional adaptive domain remeshing, implicit domain meshing, and applications to free and moving boundary problems},
  AUTHOR = {C. Dapogny and C. Dobrzynski and P. Frey},
  URL = {https://hal.sorbonne-universite.fr/hal-00804636},
  JOURNAL = {Journal of Computational Physics},
  PUBLISHER = {Elsevier},
  YEAR = {2014},
  MONTH = Apr,
  DOI = {10.1016/j.jcp.2014.01.005},
  KEYWORDS = {Bifluid Flows ; Remeshing ; Level set Method ; Mesh Evolution ; Shape Optimization},
  PDF = {https://hal.sorbonne-universite.fr/hal-00804636/file/domrem2.pdf},
  HAL_ID = {hal-00804636},
  HAL_VERSION = {v1},
}

@article{stefan1889uber,
  title={Uber einige probleme der theorie der warmeletung},
  author={J. Stefan},
  journal={Sitzer. Wien. Akad. Math. Naturw.},
  volume={98},
  pages={473--484},
  year={1889}
}

@inproceedings{lame1831memoire,
  title={M{\'e}moire sur la solidification par refroidissement d?un globe liquide},
  author={G. Lam{\'e} and B. P. Clapeyron},
  booktitle={Annales Chimie Physique},
  volume={47},
  pages={250--256},
  year={1831}
}

@ARTICLE{Belhamadia2004_3D,
  author = {Y. Belhamadia and A. Fortin and E. Chamberland},
  title = {Three-dimensional anisotropic mesh adaptation for phase change problems},
  journal = {Journal of Computational Physics},
  year = {2004},
  volume = {201},
  pages = {753-770},
  number = {2}
}

@article{kalnaes2015phase,
  author={S. Kaln{\ae}s and B. Jelle},
  title={Phase change materials and products for building applications: a state-of-the-art review and future research opportunities},
  journal={Energy and Buildings},
  volume={94},
  pages={150--176},
  year={2015},
  publisher={Elsevier}
}


@article{ministereEcologie2018,
  title={Chiffres clés de l'énergie, édition 2018},
  author={~{Ministère de la transition écologique et solidaire}},
  journal={Service de la donnée et des études statistiques},
  year={2018}
}

@article{dudley2018bp,
  title={BP statistical review of world energy 2016},
  author={B. Dudley},
  journal={London, UK},
  year={2018}
}

@article{viskanta1985natural,
  title={Natural convection in melting and solidification},
  author={R. Viskanta},
  journal={Natural Convection: Fundamentals and Applications},
  pages={845--877},
  year={1985},
  publisher={Hemisphere Pub. Co., Washington, DC}
}

@article{omojaro2017study,
  title={Study on solid liquid interface heat transfer of PCM under simultaneous charging and discharging (SCD) in horizontal cylinder annulus},
  author={A. P. Omojaro and C. Breitkopf},
  journal={Heat and Mass Transfer},
  volume={53},
  number={7},
  pages={2223--2240},
  year={2017},
  publisher={Springer}
}

@article{liu2014experimental,
  title={Experimental study of the phase change heat transfer inside a horizontal cylindrical latent heat energy storage system},
  author={C. Liu and D. Groulx},
  journal={International Journal of Thermal Sciences},
  volume={82},
  pages={100--110},
  year={2014},
  publisher={Elsevier}
}

@article{ho1984inward,
  title={Inward solid-liquid phase-change heat transfer in a rectangular cavity with conducting vertical walls},
  author={C-J. Ho and R. Viskanta},
  journal={International journal of heat and mass transfer},
  volume={27},
  number={7},
  pages={1055--1065},
  year={1984},
  publisher={Elsevier}
}

@article{Lamballais-2009,
	author={S. Laizet and E. Lamballais},
	title={High--order compact schemes for incompressible flows: {A} simple and efficient
	method with quasi--spectral accuracy.},
	journal={Journal of Computational Physics},
	volume={228},
	number={16},
	pages={5989--6015},
	year={2009}
}

@article{Shih-1989,
	author={T. M. Shih and C. H. Tan and B. C. Hwang},
	title={Effect of grid staggering on numerical schemes.},
	journal= {International Journal for Numerical Methods in Fluids},
	volume={9},
	number={2},
	year={1989},
	pages={193-212}
}

@Book{BEC-book-1998-Roache,
	Title                    = {Verification and Validation in Computational Science and Engineering},
	Author                   = {P. J. Roache},
	Publisher                = {Hermosa Publishers},
	Year                     = {1998}
}	

@article{CHLi,
	title = "A finite-element front-tracking enthalpy method for {S}tefan Problems",
	journal = "IMA Journal of Numerical Analysis",
	volume = "3",
	pages = "87--107",
	year = "1983",
	note = "",
	author = "C.H. Li"
}	
	
@article{Angot-1999,
	title={A penalization method to take into account obstacles in incompressible viscous flows},
	author={P. Angot and C.-H. Bruneau and P. Fabrie},
	journal={Numer. Math.},
	volume={81},
	number={4},
	pages={497--520},
	year={1999}
}

@article{hannoun2005,
	title={A reference solution for phase change
	with convection},
	author={N. Hannoun and V. Alexiades and T. Z. Mai},
	journal={International Journal for Numerical Methods in Fluids},
	volume={48},
	number={11},
	pages={1283--1308},
	year={2005}
}

@article{Brent-1988,
	title = "Enthalpy-porosity technique for
	modeling convection-diffusion phase change: Application to the melting of a
	pure metal",
	journal = "Numerical Heat Transfer",
	volume = "13",
	pages = "297--318",
	year = "1988",
	author = "A. D. Brent and V. R. Voller and K. J. Reid"
}

@incollection{zimmerman-2018,
	author = {Zimmerman, A.G. and Kowalski, J.},
	title = {Monolithic Simulation of Convection-Coupled Phase-Change: Verification and Reproducibility},
	booktitle = {Recent Advances in Computational Engineering. ICCE 2017. Lecture Notes in Computational Science and Engineering, vol 124},
	date = {2018},
	pages={177-197},
	editor = {Sch{\"a}fer, M. and Behr, M. and Mehl, M. and Wohlmuth, B.},
	year={2018},
	publisher={Springer}
}

@article{WOODFIELD-2019,
	author = "J. Woodfield and M. Alvarez and B. Gamez-Vargas and R. Ruiz-Baier",
	title = "Stability and finite element approximation of phase change models for natural convection in porous media",
	journal = "Journal of Computational and Applied Mathematics",
	volume = "360",
	pages = "117 - 137",
	year = "2019"
}

@incollection{gartling-1980,
	author = {Gartling, D.K. },
	title = {Finite element analysis of convective heat transfer problems with change
	of phase},
	booktitle = {Computer Methods in Fluids},
	date = {1980},
	pages={257-284},
	editor = {Morgan, K. and Taylor, C. and Brebbia, C.A.},
	year={1980},
	publisher={Pentech, London}
}

@article{Morgan-1978,
	title = "An improved algrorithm for heat
	conduction problems with phase change",
	journal = "International Journal for Numerical Methods
	in Engineering",
	volume = "12",
	pages = "1191--1195",
	year = "1978",
	note = "",
	author = "K. Morgan and R. Lewis and O. Zienkiewicz"
}

@incollection{Voller-1996-chapter,
	author = {V. R. Voller},
	title = {An overview of numerical methods for solving phase change problems},
	booktitle = {Advances in Numerical Heat Transfer},
	date = {1996},
	pages={341-375},
	editor = {W. J. Minkowycz and E. M. Sparrow},
	year={1996},
	publisher={Taylor \& Francis}
}

@book{shyy-1996,
	author={Shyy, W. and  Udaykurnar, H.S. and  Rao, M. M. and Smith, R.W.},
	title={Computational fluid dynamics with
	moving boundaries},
	publisher={Taylor \& Francis},
	year={1996}
}

@article{Voller-1987,
	title = "A fixed grid numerical modelling methodology for convection-diffusion mushy region phase-change problems",
	journal = "International Journal of Heat and Mass Transfer",
	volume = "30",
	pages = "1709--1719",
	year = "1987",
	note = "",
	author = " V. R. Voller and C. Prakash"
}

@article{fabbri-JCP-1997,
	author = {Fabbri, M. and Voller, V. R.},
	title = {The phase-field method in the sharp interface limit: a comparison
	between model potential},
	journal = {Journal of Computational Physics},
	year = {1997},
	volume = {130},
	pages = {256-265}
}

@incollection{kowalewski2004phase-stella,
	author = {F. Stella and M. Giangi},
	title = {Modelling Methodologies for Convection-Diffusion Phase-Change Problems},
	booktitle = {Phase change with convection: modelling and validation},
	date = {2004},
	pages={219-272},
	editor = {A. Kowalewski and D. Gobin},
	year={2004},
	publisher={Springer}
}

@article{unverdi-JCP-1992,
	author = {Unverdi, S. O. and Tryggvason, G.},
	title = {A front-tracking method for viscous incompressible, multifluid
	flows},
	journal = {Journal of Computational Physics},
	year = {1992},
	volume = {100},
	pages = {25-37}
}

@article{malkus1954heat,
  title={The heat transport and spectrum of thermal turbulence},
  author={W. V. R. Malkus},
  journal={Proceedings of the Royal Society of London. Series A. Mathematical and Physical Sciences},
  volume={225},
  number={1161},
  pages={196--212},
  year={1954},
  publisher={The Royal Society London}
}

@article{brandeis1989convective,
  title={The convective liquidus in a solidifying magma chamber: a fluid dynamic investigation},
  author={G. Brandeis and B. D. Marsh},
  journal={Nature},
  volume={339},
  number={6226},
  pages={613},
  year={1989},
  publisher={Nature Publishing Group}
}

@article{davaille1993thermal,
  title={Thermal convection in lava lakes},
  author={A. Davaille and C. Jaupart},
  journal={Geophysical Research Letters},
  volume={20},
  number={17},
  pages={1827--1830},
  year={1993},
  publisher={Wiley Online Library}
}

@article{polashenski2012mechanisms,
  title={The mechanisms of sea ice melt pond formation and evolution},
  author={C. Polashenski and D. Perovich and Z. Courville},
  journal={Journal of Geophysical Research: Oceans},
  volume={117},
  number={C1},
  year={2012},
  publisher={Wiley Online Library}
}

@article{barreneche2016situ,
  title={In situ thermal and acoustic performance and environmental impact of the introduction of a shape-stabilized PCM layer for building applications},
  author={C. Barreneche and L. Navarro and A. {de Gracia} and A. I. Fern{\'a}ndez and L. F. Cabeza},
  journal={Renewable energy},
  volume={85},
  pages={281--286},
  year={2016},
  publisher={Elsevier}
}

@article{rakotondrandisa2019numerical,
  title={Numerical modelling of a melting-solidification cycle of a phase-change material with complete or partial melting},
  author={A. Rakotondrandisa and I. Danaila and L. Danaila},
  journal={International Journal of Heat and Fluid Flow},
  volume={76},
  pages={57--71},
  year={2019},
  publisher={Elsevier}
}

@article{campbell1994visualization,
  title={Visualization of liquid-solid interface morphologies in gallium subject to natural convection},
  author={T. A. Campbell and J. N. Koster},
  journal={Journal of Crystal Growth},
  volume={140},
  number={3-4},
  pages={414--425},
  year={1994},
  publisher={Elsevier}
}

@article{de1983natural,
  title={Natural convection of air in a square cavity: a bench mark numerical solution},
  author={G. {de Vahl Davis}},
  journal={International Journal for numerical methods in fluids},
  volume={3},
  number={3},
  pages={249--264},
  year={1983},
  publisher={Wiley Online Library}
}

@article{aldbaissy2018full,
  title={A full discretisation of the time-dependent Boussinesq (buoyancy) model with nonlinear viscosity},
  author={R. Aldbaissy and F. Hecht and G. Mansour and T. Sayah},
  journal={Calcolo},
  volume={55},
  number={4},
  pages={44},
  year={2018},
  publisher={Springer}
}

@article{bejan1989analysis,
  title={Analysis of melting by natural convection in an enclosure},
  author={A. Bejan},
  journal={International Journal of Heat and Fluid Flow},
  volume={10},
  number={3},
  pages={245--252},
  year={1989},
  publisher={Elsevier}
}

@article{gill1966boundary,
  title={The boundary-layer regime for convection in a rectangular cavity},
  author={A. E. Gill},
  journal={Journal of Fluid Mechanics},
  volume={26},
  number={3},
  pages={515--536},
  year={1966},
  publisher={Cambridge University Press}
}

@book{chandrasekhar2013hydrodynamic,
  title={Hydrodynamic and hydromagnetic stability},
  author={S. Chandrasekhar},
  year={2013},
  publisher={Courier Corporation}
}

@article{worster2000solidification,
  title={Solidification of fluids},
  author={M. G. Worster and G. K. Batchelor and H. K. Moffatt},
  journal={Perspectives in fluid dynamics},
  volume={742},
  pages={393--446},
  year={2000}
}

@article{grossmann2000scaling,
  title={Scaling in thermal convection: a unifying theory},
  author={S. Grossmann and D. Lohse},
  journal={Journal of Fluid Mechanics},
  volume={407},
  pages={27--56},
  year={2000},
  publisher={Cambridge University Press}
}

@article{vasil2011dynamic,
  title={Dynamic bifurcations and pattern formation in melting-boundary convection},
  author={G. M. Vasil and M. R. E. Proctor},
  journal={Journal of Fluid Mechanics},
  volume={686},
  pages={77--108},
  year={2011},
  publisher={Cambridge University Press}
}

@article{esfahani2018basal,
  title={Basal melting driven by turbulent thermal convection},
  author={B. R. Esfahani and S. C. Hirata and S. Berti and E. Calzavarini},
  journal={Physical Review Fluids},
  volume={3},
  number={5},
  pages={053501},
  year={2018},
  publisher={APS}
}

@book{bejan2013convection,
  title={Convection heat transfer},
  author={A. Bejan},
  year={2013},
  publisher={John wiley \& sons}
}

@article{favier2019rayleigh,
  title={Rayleigh--B{\'e}nard convection with a melting boundary},
  author={B. Favier and J. Purseed and L. Duchemin},
  journal={Journal of Fluid Mechanics},
  volume={858},
  pages={437--473},
  year={2019},
  publisher={Cambridge University Press}
}

@article{madruga2018dynamic,
  title={Dynamic of plumes and scaling during the melting of a Phase Change Material heated from below},
  author={S. Madruga and J. Curbelo},
  journal={International Journal of Heat and Mass Transfer},
  volume={126},
  pages={206--220},
  year={2018},
  publisher={Elsevier}
}

@article{kousksou2014melting,
  title={Melting over a wavy surface in a rectangular cavity heated from below},
  author={T. Kousksou and M. Mahdaoui and A. Ahmed and A. A. Msaad},
  journal={Energy},
  volume={64},
  pages={212--219},
  year={2014},
  publisher={Elsevier}
}

@article{gong1998flow,
  title={Flow and heat transfer in convection-dominated melting in a rectangular cavity heated from below},
  author={Z-X. Gong and A. S. Mujumdar},
  journal={International Journal of Heat and Mass Transfer},
  volume={41},
  number={17},
  pages={2573--2580},
  year={1998},
  publisher={Elsevier}
}

@article{gau1983flow,
  title={Flow visualization during solid-liquid phase change heat transfer II. Melting in a rectangular cavity},
  author={C. Gau and R. Viskanta and C-J. Ho},
  journal={International Communications in Heat and Mass Transfer},
  volume={10},
  number={3},
  pages={183--190},
  year={1983},
  publisher={Elsevier}
  }

@article{diaz1984visualization,
  title={Visualization of the solid-liquid interface morphology formed by natural convection during melting of a solid from below},
  author={L. A. Diaz and R. Viskanta},
  journal={International Communications in Heat and Mass Transfer},
  volume={11},
  number={1},
  pages={35--43},
  year={1984},
  publisher={Elsevier}
}

@article{hale1980solid,
  title={Solid-liquid phase-change heat transfer and interface motion in materials cooled or heated from above or below},
  author={Jr. N.W. Hale and R. Viskanta},
  journal={International Journal of Heat and Mass Transfer},
  volume={23},
  number={3},
  pages={283--292},
  year={1980},
  publisher={Elsevier}
}

@book{grigull1984heat,
  author={U. Grigull and H. Sandner},
  title={Heat conduction},
  year={1984},
  publisher={Hemisphere Publishing, New York, NY}
}

@article{zhu2009dynamic,
  author={N. Zhu and Z. Ma and S. Wang},
  title={Dynamic characteristics and energy performance of buildings using phase change materials: a review},
  journal={Energy Conversion and Management},
  volume={50},
  number={12},
  pages={3169--3181},
  year={2009},
  publisher={Elsevier}
}


@article{ascione2014energy,
  author={F. Ascione and N. Bianco and R. F. De Masi and F. de Rossi and G. P. Vanoli},
  title={Energy refurbishment of existing buildings through the use of phase change materials: Energy savings and indoor comfort in the cooling season},
  journal={Applied Energy},
  volume={113},
  pages={990--1007},
  year={2014},
  publisher={Elsevier}
}


@article{ho1993periodic,
  title={Periodic melting within a square enclosure with an oscillatory surface temperature},
  author={C. J. Ho and C. H. Chu},
  journal={International journal of heat and mass transfer},
  volume={36},
  number={3},
  pages={725--733},
  year={1993},
  publisher={Elsevier}
}


@article{voller1996cyclic,
  author={V. R. Voller and P. Felix and C. R. Swaminathan},
  title={Cyclic phase change with fluid flow},
  journal={Int. Journ. of Num. Methods for Heat and Fluid Flow},
  year={1996},
  volume={6},
  pages={57--64},
  publisher={MCB UP Ltd}
}

@article{hosseini2014experimental,
  title={Experimental and computational evolution of a shell and tube heat exchanger as a PCM thermal storage system},
  author={M. J. Hosseini and M. Rahimi and R. Bahrampoury},
  journal={International Communications in Heat and Mass Transfer},
  volume={50},
  pages={128--136},
  year={2014},
  publisher={Elsevier}
}

@article{chabot2017solid,
  title={Solid-liquid phase change around a tube with periodic heating and cooling: Scale analysis, numerical simulations and correlations},
  author={C. Chabot and L. Gosselin},
  journal={International Journal of Thermal Sciences},
  volume={112},
  pages={345--357},
  year={2017},
  publisher={Elsevier}
}




@article{stefan1891theorie,
  author={J. Stefan},
  title={{\"U}ber die Theorie der Eisbildung, insbesondere {\"u}ber die Eisbildung im Polarmeere},
  journal={Annalen der Physik},
  volume={278},
  number={2},
  pages={269--286},
  year={1891},
  publisher={Wiley Online Library}
}

@article{jany1988scaling,
  title={Scaling theory of melting with natural convection in an enclosure},
  author={P. Jany and A. Bejan},
  journal={International Journal of Heat and Mass Transfer},
  volume={31},
  number={6},
  pages={1221--1235},
  year={1988},
  publisher={Elsevier}
}

@article{kumar2017influence,
  title={Influence of mushy zone constant on thermohydraulics of a pcm},
  author={M. Kumar and D. J. Krishna},
  journal={Energy Procedia},
  volume={109},
  pages={314--321},
  year={2017},
  publisher={Elsevier}
}


@article{Wakashima-2004,
	author={S. Wakashima and T.S. Saitoh},
	title={Benchmark solutions for natural convection in a cubic cavity using the high--order
		time--space method.},
	journal={International Journal of Heat and Mass Transfer},
	volume={47},
	year={2004},
	pages={853 -- 864},
	number={4}
}

@article{wang2010numerical,
  title={Numerical modeling of alternate melting and solidification},
  author={S. Wang and A. Faghri and T. L. Bergman},
  journal={Numerical Heat Transfer, Part B: Fundamentals},
  volume={58},
  number={6},
  pages={393--418},
  year={2010},
  publisher={Taylor \& Francis}
}

@article{rady1996natural,
  title={Natural convection during melting and solidification of pure metals in a cavity},
  author={M. A. Rady and A. K. Mohanty},
  journal={Numerical Heat Transfer, Part A Applications},
  volume={29},
  number={1},
  pages={49--63},
  year={1996},
  publisher={Taylor \& Francis}
}

@article{bhattacharya2014enthalpy,
  title={An enthalpy method for modeling eutectic solidification},
  author={A. Bhattacharya and A. Kiran and S. Karagadde and P. Dutta},
  journal={Journal of Computational Physics},
  volume={262},
  pages={217--230},
  year={2014},
  publisher={Elsevier}
}

@article{rose1960method,
  title={A method for calculating solutions of parabolic equations with a free boundary},
  author={M. E. Rose},
  journal={Mathematics of Computation},
  pages={249--256},
  year={1960},
  publisher={JSTOR}
}

@article{eyres1946calculation,
  title={The calculation of variable heat flow in solids},
  author={N.R. Eyres and D. R. Hartree and J. Ingham and R. J. Sarjant and J. B. Wagstaff and others},
  journal={Phil. Trans. R. Soc. Lond. A},
  volume={240},
  number={813},
  pages={1--57},
  year={1946},
  publisher={The Royal Society}
}

@article{gong2015numerical,
  title={Numerical simulation of melting with natural convection based on lattice Boltzmann method and performed with CUDA enabled GPU},
  author={W. Gong and K. Johannes and F. Kuznik},
  journal={Communications in Computational Physics},
  volume={17},
  number={5},
  pages={1201--1224},
  year={2015},
  publisher={Cambridge University Press}
}

@techreport{frisch1986lattice,
  title={Lattice gas hydrodynamics in two and three dimensions},
  author={U. Frisch and D. {d'Humieres} and B. Hasslacher and P. Lallemand and Y. Pomeau and J-P. Rivet},
  year={1986},
  institution={Los Alamos National Lab., NM (USA); Observatoire de Nice, 06 (France); Ecole Normale Superieure, 75-Paris (France)}
}

@book{atluri2002meshless,
  title={The meshless local Petrov-Galerkin (MLPG) method},
  author={S. N. Atluri and S. Shen},
  year={2002},
  publisher={Crest}
}

@article{konig2017comprehensive,
  title={A comprehensive benchmark of fixed-grid methods for the modeling of melting},
  author={A. K{\"o}nig-Haagen and E. Franquet and E. Pernot and D. Br{\"u}ggemann},
  journal={International Journal of Thermal Sciences},
  volume={118},
  pages={69--103},
  year={2017},
  publisher={Elsevier}
}

@article{singer2008phase,
  title={The phase field technique for modeling multiphase materials},
  author={I. Singer-Loginova and H. M. Singer},
  journal={Reports on progress in physics},
  volume={71},
  number={10},
  pages={106501},
  year={2008},
  publisher={IOP Publishing}
}

@article{boettinger2002phase,
  title={Phase-field simulation of solidification},
  author={W. J. Boettinger and J. A. Warren and C. Beckermann and A. Karma},
  journal={Annual review of materials research},
  volume={32},
  number={1},
  pages={163--194},
  year={2002},
  publisher={Annual Reviews 4139 El Camino Way, PO Box 10139, Palo Alto, CA 94303-0139, USA}
}

@book{davis2001theory,
  title={Theory of solidification},
  author={S. H. Davis},
  year={2001},
  publisher={Cambridge University Press}
}

@article{fix1982phase,
  title={Phase field methods for free boundary problems},
  author={G. J. Fix},
  journal={B. Fasano, M. Primicerio (Eds.), Free Boundary Problems: theory and applications,},
  year={1982},
  pages={580--589},
  publisher={Pitman, London}
}

@incollection{yao1989melting,
  title={Melting and freezing},
  author={L. S. Yao and J. Prusa},
  booktitle={Advances in Heat transfer},
  volume={19},
  pages={1--95},
  year={1989},
  publisher={Elsevier}
}

@incollection{tarzia2011explicit,
  title={Explicit and approximated solutions for heat and mass transfer problems with a moving interface},
  author={D. A. Tarzia},
  booktitle={Advanced topics in mass transfer},
  year={2011},
  publisher={InTech}
}

@article{cho1969heat,
  title={Heat-conduction problems with melting or freezing},
  author={S. H. Cho and J. E. Sunderland},
  journal={Journal of Heat Transfer},
  volume={91},
  number={3},
  pages={421--426},
  year={1969},
  publisher={American Society of Mechanical Engineers}
}

@article{elliott1987error,
  title={Error analysis of the enthalpy method for the Stefan problem},
  author={C. M. Elliott},
  journal={IMA journal of numerical analysis},
  volume={7},
  number={1},
  pages={61--71},
  year={1987},
  publisher={Oxford University Press}
}

@article{douglas1957uniqueness,
  title={A uniqueness theorem for the solution of a Stefan problem},
  author={J. Douglas},
  journal={Proceedings of the American Mathematical Society},
  volume={8},
  number={2},
  pages={402--408},
  year={1957},
  publisher={JSTOR}
}

@article{evans1951note,
  title={A note on the existence of a solution to a problem of Stefan},
  author={G. W. Evans and others},
  journal={Quarterly of Applied Mathematics},
  volume={9},
  number={2},
  pages={185--193},
  year={1951}
}

@article{rubinstein1947solution,
  title={On the solution of Stefan's problem},
  author={L. Rubinstein},
  journal={Bull. Acad. Sci. URSS. S{\'e}r. G{\'e}ograph. G{\'e}ophys.(Izvestia Akad. Nauk SSSR)},
  volume={11},
  pages={37--54},
  year={1947}
}

@article{voller1987pcm,
  author={V. R. Voller  and M. Cross and N. C. Markatos},
  title={An enthalpy method for convection/diffusion phase change},
  journal={Int. J. Numer. Meth. Eng.},
  year={1987},
  volume={24},
  pages={271--284}
}

@article{gau1984melting,
  title={Melting and solidification of a metal system in a rectangular cavity},
  author={C. Gau and R. Viskanta},
  journal={International Journal of Heat and Mass Transfer},
  volume={27},
  number={1},
  pages={113--123},
  year={1984},
  publisher={Elsevier}
}

@article{szekely1970effect,
  title={The effect of natural convection on the shape and movement of the melt-solid interface in the controlled solidification of lead},
  author={J. Szekely and P. S. Chhabra},
  journal={Metallurgical and Materials Transactions B},
  volume={1},
  number={5},
  pages={1195--1203},
  year={1970},
  publisher={Springer}
}

@article{chiesa1974natural,
  title={Natural convective heat transfer rates during the solidification and melting of metals and alloy systems},
  author={F. M. Chiesa and R. I. L. Guthrie},
  journal={Journal of Heat Transfer},
  volume={96},
  number={3},
  pages={377--384},
  year={1974},
  publisher={American Society of Mechanical Engineers}
}
@book{kowalewski2004phase,
  title={Phase change with convection: modelling and validation},
  author={A. Kowalewski and D. Gobin},
  year={2004},
  publisher={Springer}
}

@article{sparrow1977analysis,
  title={Analysis of melting in the presence of natural convection in the melt region},
  author={E. M. Sparrow and P. V. Patankar and S. Ramadhyani},
  journal={Journal of Heat Transfer},
  volume={99},
  number={4},
  pages={520--526},
  year={1977},
  publisher={American Society of Mechanical Engineers}
}

@article{gupta2000moving,
  title={A moving grid numerical scheme for multi-dimensional solidification with transition temperature range},
  author={S. C. Gupta},
  journal={Computer methods in applied mechanics and engineering},
  volume={189},
  number={2},
  pages={525--544},
  year={2000},
  publisher={Elsevier}
}

@ARTICLE{Tenchev2005,
  author = {R. T. Tenchev and J. A. Mackenzie and T. J. Scanlon and M. T. Stickland},
  title = {Finite element moving mesh analysis of phase change problems with
	natural convection},
  journal = {International Journal of Heat and Fluid Flow},
  year = {2005},
  volume = {26},
  pages = {597-612},
  number = {4}
}

@article{swaminathan1997towards,
  title={Towards a general numerical scheme for solidification systems},
  author={C. R. Swaminathan and V. R. Voller},
  journal={International journal of heat and mass transfer},
  volume={40},
  number={12},
  pages={2859--2868},
  year={1997},
  publisher={Oxford; New York: Pergamon Press, 1960-}
}

@article{dan-2014-JCP,
    author={{I.} {Danaila} and R. Moglan and F. Hecht and S. {Le Masson}},
    title={A {N}ewton method with adaptive finite elements for
    solving phase-change problems with natural convection},
    journal= JCP,
    volume={274},
    year={2014},
    pages={826-840}
}

@article{hecht-2012-JNM,
    author={F. Hecht},
    title={New developments in {F}reefem++},
    journal={Journal of Numerical Mathematics},
    volume={20},
    year={2012},
    pages={251-266}
}

@BOOK{freefem,
  title = {FreeFem++ (manual)},
  publisher = {www.freefem.org},
  year = {2007},
  author = {F. Hecht and O. Pironneau and A. Le Hyaric and K. Ohtsuke}
}

@ARTICLE{Cao1990,
  author = {Y. Cao and A. Faghri},
  title = {A numerical analysis of phase change problem including natural convection},
  journal = {ASME Journal of Heat Transfer},
  year = {1990},
  volume = {112},
  pages = {812-815}
}

@ARTICLE{Cao1989,
  author = {Y. Cao and A. Faghri and W. S. Chang},
  title = {A numerical analysis of {S}tefan problems for generalized multi-dimensional
	phase-change structures using the enthalpy transforming model},
  journal = {International Journal of Heat and Mass Transfer},
  year = {1989},
  volume = {32},
  pages = {1289-1298},
  number = {7}
}

@ARTICLE{Belhamadia2012,
  author = {Y. Belhamadia and A. S. Kane and A. Fortin},
  title = {An enhanced mathematical model for phase change problems with natural
	convection},
  journal = {International Journal of Numerical Analysis and Modeling},
  year = {2012},
  volume = {3},
  pages = {192-206},
  number = {2}
}

@inproceedings{kheirabadi2015effect,
  author={A. C. Kheirabadi and D. Groulx},
  title={The Effect of the Mushy-Zone Constant on Simulated Phase Change Heat Transfer},
  booktitle={Proceedings of CHT-15, ICHMT International Symposium on Advances in Computational Heat Transfer, Ichmt Digital Library Online},
  year={2015},
  organization={Begel House Inc.}
}

@article{dan-2010-JCP,
    author={ {I.} {Danaila} and F. Hecht},
    title={A finite element method with mesh adaptivity for computing vortex states
        in fast-rotating {B}ose-{E}instein condensates},
    journal= JCP,
    volume={229},
    year={2010},
    pages={6946-6960}
}

@article{dan-2016-CPC,
	author={G. Vergez and {I.} {Danaila} and S. Auliac and F. Hecht},
	title={A finite-element toolbox for the stationary {G}ross-{P}itaevskii equation with rotation},
	journal={Comput. Phys. Comm.},
	volume={209},
	year={2016},
	pages={144-162}
}

@article{dan-2013-AMM,
    author={Y. Zhang and {I.} {Danaila}},
    title={Existence and numerical modelling of vortex rings with elliptic boundaries},
    journal={Applied Mathematical Modelling},
    volume={37},
    year={2013},
    pages={4809-4824}
}

@ARTICLE{Belhamadia2004_S,
  author = {Y. Belhamadia and A. Fortin and E. Chamberland},
  title = {Anisotropic mesh adaptation for the solution of the {S}tefan problem},
  journal = {Journal of Computational Physics},
  year = {2004},
  volume = {194},
  pages = {233-255},
  number = {1}
}

@BOOK{Temam,
  title = {Navier-Stokes equations and nonlinear functional analysis},
  publisher = {SIAM, Philadelphia},
  year = {1983},
  author = {R. Temam},
  timestamp = {2012.10.16}
}

@BOOK{GRaviart,
  title = {Finite element methods for {N}avier-{S}tokes equations},
  publisher = {Springer Verlag, Berlin},
  year = {1986},
  author = {V. Girault and P.-A. Raviart},
  timestamp = {2012.10.16}
}

@BOOK{Quarteroni,
  title = {Numerical Approximation of Partial Differential Equations},
  publisher = {Springer-Verlag},
  year = {1994},
  author = {A. Quarteroni and A. Valli},
  address = {Berlin and Heidelberg }
}

@ARTICLE{Pironneau92,
  author = {O. Pironneau and J. Liou and T. Tezduyar},
  title = {Characteristic-{G}alerkin and {G}alerkin/least-squares space-time
	formulations for the advection-diffusion equations with time-dependent
	domains},
  journal = {Comput. Methods Appl. Mech. Engrg.},
  year = {1992},
  volume = {100},
  pages = {117--141}
}

@article{hecht-2000-ijnmf,
    author={M. Castro-Diaz and F. Hecht and B. Mohammadi},
    title={Anisotropic Grid Adaptation for Inviscid and Viscous Flows Simulations},
    journal= IJNMF,
    volume={25},
    pages={475-491},
    year={2000}
}

@book{moham-piron-2000,
    author={B. Mohammadi and  O. Pironneau},
    title={Applied Shape Design for Fluids},
    publisher={Oxford Univ. Press},
    year={2000}
}

@book{frey-george-1999,
    author={P. J. Frey and P. L. George},
    title={Maillages},
    publisher={Herm{\`e}s, Paris},
    year={1999}
}

@article{nourgaliev2016fully,
  author={R. Nourgaliev and H. Luo and B. Weston and A. Anderson and S. Schofield and T. Dunn and J-P. Delplanque},
  title={Fully-implicit orthogonal reconstructed Discontinuous Galerkin method for fluid dynamics with phase change},
  journal={Journal of Computational Physics},
  year={2016},
  volume={305},
  pages={964--996},
  publisher={Elsevier}
}

@ARTICLE{LeQuere91,
  author = {P. {Le Quer{\'e}}},
  title = {Accuratte solutions to the square thermally driven cavity at high
	Rayleigh number},
  journal = {Computational Fluids},
  year = {1991},
  volume = {20},
  pages = {24-41}
}

@phdthesis{Raluca2013,
    title    = {Modeling and numerical simulation of flow and heat phenomena in a telecommunication outdoor cabinet},
    school   = {Université de Rouen Normandy},
    author   = {R. Moglan},
    year     = {2013},
}

@ARTICLE{Okada1984,
  author = {M. Okada},
  title = {Analysis of heat transfer during melting from a vertical wall},
  journal = {International Journal of Heat and Mass Transfer},
  year = {1984},
  volume = {27},
  pages = {2057--2066}
}

@article{bertrand1999melting,
  title={Melting driven by natural convection A comparison exercise: first results},
  author={O. Bertrand and B. Binet and H. Combeau and S. Couturier and Y. Delannoy and D. Gobin and M. Lacroix and  P. {Le Qu{\'e}r{\'e}} and M. M{\'e}dale and J. Mencinger and others},
  journal={International Journal of Thermal Sciences},
  volume={38},
  number={1},
  pages={5--26},
  year={1999},
  publisher={Elsevier}
}

@article{luo2015lattice,
  title={Lattice Boltzmann simulation of convection melting in complex heat storage systems filled with phase change materials},
  author={K. Luo and F-J. Yao and H-L. Yi and H-P. Tan},
  journal={Applied Thermal Engineering},
  volume={86},
  pages={238--250},
  year={2015},
  publisher={Elsevier}
}

@article{hannoun2003resolving,
  title={Resolving the controversy over tin and gallium melting in a rectangular cavity heated from the side},
  author={N. Hannoun and V. Alexiades and T. Z. Mai},
  journal={Numerical Heat Transfer: Part B: Fundamentals},
  volume={44},
  number={3},
  pages={253--276},
  year={2003},
  publisher={Taylor \& Francis}
}

@article{Kumar2017,
author = {K. Mathura and D. J. Krishna},
title = {Influence of Mushy Zone Constant on Thermohydraulics of a PCM},
journal = {Energy Procedia},
year = {2017},
volume = {109},
number = {},
pages = {314 - 321},
note = {International Conference on Recent Advancement in Air Conditioning and Refrigeration, RAAR 2016, 10-12 November 2016, Bhubaneswar, India}
}

@article{Wang2010,
  author = {S. Wang and A. Faghri and T. L. Bergman},
  title = {A comprehensive numerical model for melting with natural convection},
  journal = {International Journal of Heat and Mass Transfer},
  year = {2010},
  volume = {53},
  pages = {1986-2000}
}

@article{Ma2006,
	author = "Z. Ma and Y. Zhang",
	title = "Solid velocity correction schemes for a temperature transforming model for convection phase change.",
	journal = "International Journal For Numerical Methods Heat Fluid Flow",
	volume = "16",
	number = "11",
	pages = "204--225",
	year = "2006"
}

@article{gobin2000melting,
  title={Melting from an isothermal vertical wall. Synthesis of numerical comparison exercise},
  author={D. Gobin and P. {Le Qu{\'e}r{\'e}}},
  journal={Computer Assisted Mechanics and Engineering Sciences},
  volume={7},
  number={3},
  pages={289--306},
  year={2000}
}

@article{agyenim2010review,
  author={F. Agyenim and N. Hewitt and P. Eames and M. Smyth},
  title={A review of materials, heat transfer and phase change problem formulation for latent heat thermal energy storage systems (LHTESS)},
  journal={Renewable and sustainable energy reviews},
  volume={14},
  number={2},
  pages={615--628},
  year={2010},
  publisher={Elsevier}
}

@article{dantzig1989modelling,
  title={Modelling liquid--solid phase changes with melt convection},
  author={J. A. Dantzig},
  journal={International Journal for Numerical Methods in Engineering},
  volume={28},
  number={8},
  pages={1769--1785},
  year={1989},
  publisher={Wiley Online Library}
}

@article{cerimele2002numerical,
  author={M. M. Cerimele and D. Mansutti and F. Pistella},
  title={Numerical modelling of liquid/solid phase transitions: Analysis of a gallium melting test},
  journal={Computers \& fluids},
  volume={31},
  number={4},
  pages={437--451},
  year={2002},
  publisher={Elsevier}
}

@article{giangi2000melting,
  title={Melting of a pure metal on a vertical wall: numerical simulation},
  author={F. Giangi and M. Stella},
  journal={Numerical Heat Transfer: Part A: Applications},
  volume={38},
  number={2},
  pages={193--208},
  year={2000},
  publisher={Taylor \& Francis}
}

@ARTICLE{Scanlon2004,
  author = {T. J. Scanlon and M. T. Stickland},
  title = {A numerical analysis of buoyancy-driven melting and freezing},
  journal = {International Journal of Heat and Mass Transfer},
  year = {2004},
  volume = {47},
  pages = {429-436}
}

@ARTICLE{Kowalewski-1999,
  author = {T. A. Kowalewski and M. Rebow},
  title = {Freezing of water in differentially heated cubic cavity},
  journal = {International Journal of Computational Fluid Dynamics},
  year = {1999},
  volume = {11},
  pages = {193-210}
}

@ARTICLE{Kowalewski-2003,
  author = {T. Michalek and T. A. Kowalewski},
  title = {Simulations of the water freezing process - Numerical benchmarks},
  journal = {Task Quarterly},
  year = {2003},
  volume = {7},
  pages = {389-408},
  number = {3}
}

@INPROCEEDINGS{hecht-1996-missi,
  AUTHOR       = {H. Borouchaki and M. J. Castro-Diaz and P. L. George and F. Hecht
and  B. Mohammadi},
  TITLE        = {Anisotropic adaptive mesh generation in two dimensions
for CFD},
  BOOKTITLE    = {5th Inter. Conf. on Numerical Grid Generation in
Computational Field Simulations},
  YEAR         = {1996},
  organization = {Mississipi State Univ.}
}

@article{hecht-1997-aiaa,
    author={F. Hecht and  B. Mohammadi},
    title={Mesh Adaptation by Metric Control for Multi-scale Phenomena and Turbulence},
    journal={AIAA paper},
    volume={97},
    pages={0859},
    year={1997}
}

@book{george-1998,
    author={P. L. George and  H. Borouchaki},
    title={Delaunay triangulation and meshing},
    publisher={Herm{\`e}s, Paris},
    year={1998}
}

@ARTICLE{Gebhart1977,
  author = {B. Gebhart and J.C. Mollendorf},
  title = {A new density relation for pure and saline water},
  journal = {Deep Sea Res.},
  year = {1977},
  volume = {24},
  pages = {831-848}
}

@ARTICLE{Giangi-2000,
  author = {M. Giangi and T. A. Kowalewski and F. Stella and E. Leonardi},
  title = {Natural convection during ice formation: numerical simulation vs.
	experimental results},
  journal = {Computer Assisted Mechanics and Engineering Sciences},
  year = {2000},
  volume = {7},
  pages = {321-342}
}

@ARTICLE{safa-2009,
  author = {Y. Safa and M. Flueck and J. Rappaz},
  title = {Numerical simulation of thermal problems coupled with magnetohydrodynamic
	effects in aluminium cell},
  journal = {Applied Mathematical Modelling},
  year = {2009},
  pages = {1479-1492}
}

@ARTICLE{protas-JCP-2013,
  author = {V. Bukshtynov and B. Protas},
  title = {Optimal reconstruction of material properties in complex multiphysics
	phenomena},
  journal = {Journal of Computational Physics },
  year = {2013},
  volume = {242},
  pages = {889 - 914}
}

